@book{book,
    author=     {},
    title=      {},
    series=     {},
    year=       {},  
    publisher=  {}
}

@article{article,
    author =    {},
    title =     {},
    journal =   {},
    number =    {},
    pages =     {},
    volume =    {},
    year =      {},
    publisher = {}
}

@inbook{inbook,
    author =    {},
    title =     {},
    year =      {},
    booktitle = {},
    publisher = {},
    address   = {}
}