@book{carlson1977,
    title={Reference to kinds in English},
    author={Greg Carlson},
    series={Indiana University Linguistics Club},
    year={1977},  
    publisher={University Microfilms}
}

@article{matt2023,
    author = {Lisa Matthewson},
    journal = {Natural Language Semantics},
    number = {2},
    pages = {145--189},
    publisher = {Springer},
    title = {Quantification and the nature of crosslinguistic variation},
    urldate = {2023-09-09},
    volume = {9},
    year = {2023}
}

@inproceedings{trugman2005,
    author =    "Helen Trugman",
    title =     "Rudiments of romance N-to-D movement in Russian",
    year =      "2005",
    booktitle = "Paper presented at the 6th European Conference on Formal Description of Slavic Languages (FDSL-6)",
    publisher       = {University of Potsdam},
    address         = {Potsdam}
}

@inproceedings{rutpro2006,
    author          = {Paweł Rutkowski and Ljiljana Progovac},
    title           = {Classifying adjectives and noun movement in Lithuanian},
    year            = {2006},
    editor          = {Changguk Yim},
    booktitle            = {Proceedings of the 8th Seoul International Conference on Generative Grammar: Minimalist views on language design},
    pages           = {265--277},
    address         = {Seoul},
    publisher       = {Hankook, Korean Generative Grammar Circle}

},

@book{kalnaca2021,
    author          = {Andra Kalnača and Ilze Lokmane},
    year            = {2021},
    month           = {01},
    title           = {Latvian Grammar},
    address         = {Riga},
    publisher       = {University of Latvia Press},
},

@book{morzycki2016,
    author         = {Marcin Morzycki},
    title          = {Modification},
    series         = {Key Topics in Semantics and Pragmatics},
    publisher      = {Cambridge University Press},
    address        = {Cambridge},
    year           = {2016}
},

@article{chierchia1998,
    author         = {Gennaro Chierchia},
    title          = {Reference to kinds across languages},
    journal        = {Natural Language Semantics},
    number         = {4},
    pages          = {339--405},
    publisher      = {Springer},
    volume         = {6},
    year           = {1998}
}