@book{carlson1977,
  title={Reference to kinds in English},
  author={Greg Carlson},
  series={Indiana University Linguistics Club},
  year={1977},  
  publisher={University Microfilms}
}

@article{matt2023,
 author = {Lisa Matthewson},
 journal = {Natural Language Semantics},
 number = {2},
 pages = {145--189},
 publisher = {Springer},
 title = {Quantification and the nature of crosslinguistic variation},
 urldate = {2023-09-09},
 volume = {9},
 year = {2023}
}

@inproceedings{trugman2005,
    author =    "Helen Trugman",
    title =     "Rudiments of romance N-to-D movement in Russian",
    year =      "2005",
    booktitle = "Paper presented at the 6th European Conference on Formal Description of Slavic Languages (FDSL-6)",
    publisher       = {University of Potsdam},
    address         = {Potsdam}
}

@inproceedings{rutpro2006,
    author          = {Pawe≈Ç Rutkowski and Ljiljana Progovac},
    title           = {Classifying adjectives and noun movement in Lithuanian},
    year            = {2006},
    editor          = {Changguk Yim},
    booktitle            = {Proceedings of the 8th Seoul International Conference on Generative Grammar: Minimalist views on language design},
    pages           = {265--277},
    address         = {Seoul},
    publisher       = {Hankook, Korean Generative Grammar Circle}

}